@misc{site:reinf_intro,
author = {{Mihnea Horia Vrejdoiu}},
title = {{Deep Reinforcement Learning. Studiu de caz: Deep Q-Network}},
howpublished = "\url{https://rria.ici.ro/wp-content/uploads/2019/10/06-art.6-Mihnea\_Vrejoiu.pdf}",
year = {},
note = "[Data accesÄƒrii: 04.04.2020]"
}